@article{ref:dataportal,
author={Brian M Matthews and John V Ashby and Juan C Bicarregui and
                  David R S Boyd and Kerstin Kleese van Dam and Simon
                  C Lambert and Kevin D Oâ€™Neill},
title="{T}he {CLRC} {D}ata {P}ortal",
url={http://www.ercim.eu/publication/Ercim_News/enw45/EN45.pdf},
year = 2001,
pages="39--40",
journal="ERCIM News",
number="45"
}
@techreport{ref:csmd2,
author = {Shoaib Sufi and Brian M Matthews},
title = "{CCLRC} {S}cientific {M}etadata {M}odel: Version 2",
year = 2004,
institution="Daresbury Laboratory",
number = "DL-TR-2004-001"
}
@misc{ref:csmd4,
author = {Stephen M Fisher and  Brian M Matthews},
title = "{CSMD}: the {C}ore {S}cientific {M}etadata {M}odel",
note = "\url{http://icatproject-contrib.github.io/CSMD/csmd-4.0.html}",
year="accessed September 26, 2016",
}
@misc{ref:suds_jurko,
author={Jurko Gospodnetic},
title="{L}ightweight {SOAP} client ({J}urko's fork)",
note = "\url{https://pypi.python.org/pypi/suds-jurko}",
year="accessed September 27, 2016",
}
@misc{ref:gwt,
title = "{GWT}",
note = "\url{http://gwtproject.org}",
year="accessed September 27, 2016",
}
@misc{ref:lucene,
title = "{Lucene}",
note = "\url{https://lucene.apache.org}",
year="accessed October 3, 2016",
}
@misc{ref:icatproject,
author={The ICAT Collaboration},
title="{T}he {ICAT} {P}roject",
note = "\url{https://icatproject.org} doi:10.5286/SOFTWARE/ICAT",
year="accessed September 27, 2016",
}
@inproceedings{ref:ijp,
booktitle = "{IWSG} 2013: 5th {I}nternational {W}orkshop on {S}cience {G}ateways",
title= "{ICAT} {J}ob {P}ortal: a generic job submission system built on a scientific data catalog",
author = {Stephen M Fisher and Kevin Phipps and Daniel J Rolfe},
note = "\url{http://ceur-ws.org/Vol-993/paper6.pdf}",
editor = {Tamas Kiss},
publisher = {CEUR-WS},
year = 2013,
month = "June",
}
@misc{ref:globus_connect_server,
title = "{G}lobus {C}onnect {S}erver",
note = "\url{https://www.globus.org/globus-connect-server}",
year="accessed September 28, 2016",
}
@misc{ref:panfs,
title = "{P}an{FS}",
note = "\url{http://www.panasas.com/products/panfs}",
year="accessed September 28, 2016",
}
@inproceedings{ref:icat_09_1,
booktitle="5th {IEEE} {I}nternational {C}onference on e-{S}cience",
title="{ICAT}: {I}ntegrating data infrastructure for facilities based science",
author={Damian Flannery et al.},
note = "\url{http://purl.org/net/epubs/manifestation/9367}",
publisher = "IEEE",
year = 2009,
month = "December",
}
@inproceedings{ref:icat_09_2,
booktitle="5th {I}nternational {D}igital {C}uration {C}onference",
title="Using a {C}ore {S}cientific {M}etadata {M}odel in large-scale facilities",
author={ Brian M Matthews and Shoaib Sufi and Damian Flannery and
                  Laurent Lerusse and Tom Griffin and Michael Gleaves
                  and Kerstin Kleese van Dam},  
note = "\url{http://purl.org/net/epubs/manifestation/4837}",
year = 2009,
month = "December",
}

